@online{cart_to_kepl,
    author    = "René Schwarz",
    title     = "Cartesian State Vectors -> Keplerian Orbit Elements",
    url       = "https://downloads.rene-schwarz.com/download/M002-Cartesian_State_Vectors_to_Keplerian_Orbit_Elements.pdf"
}

@online{kepl_to_cart,
    author    = "René Schwarz",
    title     = "Keplerian Orbit Elements -> Cartesian State Vectors",
    url       = "https://downloads.rene-schwarz.com/download/M001-Keplerian_Orbit_Elements_to_Cartesian_State_Vectors.pdf"
}

@online{classical_orb_elem,
    author    = "Bryan Weber",
    title     = "Classical Orbital Elements and the State Vector",
    url       = "https://orbital-mechanics.space/classical-orbital-elements/orbital-elements-and-the-state-vector.html"
}
